<record><leader>00000cas a22000007a 4500</leader><controlfield tag="001">14509624</controlfield><controlfield tag="008">861023d18951946txuwr ne      0    0eng d</controlfield><datafield ind1=" " ind2=" " tag="010"><subfield code="a">sn 86089750 </subfield></datafield><datafield ind1=" " ind2=" " tag="040"><subfield code="a">PPM</subfield><subfield code="b">eng</subfield><subfield code="c">PPM</subfield><subfield code="d">DLC</subfield><subfield code="d">PPM</subfield><subfield code="d">GUA</subfield><subfield code="d">OCLCQ</subfield></datafield><datafield ind1=" " ind2=" " tag="042"><subfield code="a">msc</subfield></datafield><datafield ind1="0" ind2="4" tag="245"><subfield code="a">The Jacksboro news.</subfield></datafield><datafield ind1=" " ind2=" " tag="260"><subfield code="a">Jacksboro, Tex. :</subfield><subfield code="b">Tom M. Marks</subfield></datafield><datafield ind1=" " ind2=" " tag="300"><subfield code="a">v. :</subfield><subfield code="b">ill.</subfield></datafield><datafield ind1=" " ind2=" " tag="310"><subfield code="a">Weekly</subfield></datafield><datafield ind1="1" ind2=" " tag="362"><subfield code="a">Began in 1895? Ceased in Apr. 1946.</subfield></datafield><datafield ind1=" " ind2=" " tag="588"><subfield code="a">Description based on: Vol. 10, no. 3 (Apr. 21, 1904).</subfield></datafield><datafield ind1=" " ind2=" " tag="752"><subfield code="a">United States</subfield><subfield code="b">Texas</subfield><subfield code="c">Jack</subfield><subfield code="d">Jacksboro.</subfield></datafield><datafield ind1="0" ind2="7" tag="785"><subfield code="t">Jacksboro gazette</subfield><subfield code="w">(DLC)sn 86064217</subfield></datafield><datafield ind1="0" ind2="7" tag="785"><subfield code="t">Jacksboro gazette-news</subfield><subfield code="w">(DLC)sn 86089739</subfield></datafield></record>